% This file was created with JabRef 2.10.
% Encoding: UTF-8


@Article{main,
  Title                    = {From the Phenomenology to the Mechanisms of Consciousness: Integrated Information Theory 3.0},
  Author                   = {Masafumi Oizumi, Larissa Albantakis, Giulio Tononi},
  Journal                  = {PLoS Computational Biology},
  Year                     = {2014},

  Owner                    = {user},
  Timestamp                = {2017.05.04}
}

